1644 2574
892 173 960 211 125

127 261 240 299 Acaia
275 271 296 295 e
321 259 345 294 'l
377 258 477 303 golfo
515 254 691 297 Maliaco,
728 253 756 286 il
794 249 900 296 quale
937 245 1007 290 egli

127 321 336 357 chiamarno
361 317 395 354 d’
407 328 471 353 oro
497 327 562 362 per
585 315 618 350 le
635 312 800 355 ruberi03
817 321 836 344 e
854 309 894 343 fu
911 317 1009 341 man-

130 382 214 417 dato
235 382 361 416 contra
378 377 499 424 quegli
516 369 647 410 Publio
666 371 831 413 Servilio,
849 369 874 403 il
893 365 1009 413 quale,

129 443 221 477 bene
246 439 302 475 ch’
320 438 393 483 egli
425 434 655 482 impacciassi
689 442 758 467 eon
782 430 816 464 le
841 439 905 464 sue
930 424 1011 460 navi

130 500 233 547 gravi
250 512 269 535 e
284 498 500 543 battagliere
519 495 637 542 quelle
655 493 711 529 dei
729 489 864 532 nimici,
880 486 1014 532 leggie-

130 573 169 597 re
192 573 212 596 e
235 559 402 603 instigate
426 556 565 598 saettie‚
591 565 664 589 non
687 553 722 587 le
739 551 887 586 vinceva
905 557 1012 582 sanza

131 630 302 668 spargere
327 628 473 662 sangue.
499 615 580 651 Non
598 613 768 649 contento
785 607 921 653 avergli
938 616 1013 641 cac-

131 681 217 717 ciati
252 679 310 714 del
346 689 462 720 mare,
500 676 631 721 guaste
670 683 733 708 sue
767 668 900 705 cittade
938 666 1010 701 for-

131 741 270 777 tissime
294 751 314 774 e
338 737 459 773 rioche
483 747 548 782 pet·
572 735 606 769 la
630 733 743 777 lunga
773 728 928 770 ruberia,
954 726 1012 760 di-

135 805 274 837 strusse
297 798 449 841 Faselli,
475 796 630 841 Olimpo,
654 793 788 835 Isauro,
815 789 871 824 eh'
893 798 953 823 era
978 786 1014 820 la

137 861 294 896 fortezza
318 859 355 894 di
381 857 526 900 Cilizia3
552 855 644 891 onde
669 852 752 897 egli,
786 850 852 885 che
885 857 1017 893 sapeva

134 921 170 956 la
193 931 260 955 sua
283 918 420 964 grande
445 917 560 960 fatiga
584 915 622 949 in
648 912 851 959 acquietare
883 906 1013 954 quello,

136 980 294 1016 disidere
335 988 454 1014 essere
495 976 675 1011 chiamato
719 970 889 1007 Isaurico.
935 967 1014 1017 Neu

139 1051 204 1087 per
227 1041 355 1086 questo
390 1037 525 1073 domati
557 1046 622 1081 per
654 1035 754 1069 tante
779 1029 957 1071 sconfltte,
987 1026 1018 1060 si

139 1103 314 1148 poten-ono
339 1102 462 1134 tenere
486 1108 508 1131 a
534 1098 629 1131 stare
654 1093 731 1128 solo
757 1092 794 1126 in
819 1093 936 1133 terra,
961 1097 1020 1121 ma

140 1172 240 1197 come
267 1159 413 1195 animali
439 1158 505 1192 che
530 1156 652 1190 hanno
678 1152 810 1198 doppia
837 1152 966 1184 natura
983 1146 1019 1180 di

140 1224 236 1257 stare
260 1220 299 1255 in
323 1222 420 1255 terra
445 1229 464 1252 e
488 1217 526 1252 in
553 1226 685 1261 acqua,
719 1213 777 1247 nel
802 1209 937 1256 partire
962 1206 1019 1242 dei

137 1281 279 1323 nemini,
303 1278 512 1325 impazienti
538 1276 573 1310 di
599 1278 695 1310 stare
720 1274 758 1307 in
776 1274 883 1313 terra,
901 1271 1021 1303 torna-

140 1352 182 1377 ro
207 1340 242 1376 al
266 1339 572 1383 maxe-alquanto
599 1334 662 1381 pin
687 1329 932 1376 allargandosi
953 1327 1018 1362 che

138 1402 273 1448 prima,
311 1411 331 1434 e
363 1399 439 1434 cosi
477 1396 594 1443 quella
634 1394 750 1440 prima
787 1389 942 1426 vettoria
979 1387 1018 1422 fu

139 1459 254 1496 felice.
286 1458 348 1495 Ma
380 1458 425 1493 da
456 1457 518 1503 poi
551 1454 724 1500 Pompeio
758 1462 868 1498 parve
902 1449 1020 1492 degne

139 1520 234 1556 della
258 1518 423 1561 vettoria‚
449 1529 468 1552 e
494 1516 584 1551 satta
610 1514 808 1558 congiunta
828 1500 1023 1555 lapi-ovin-

139 1581 196 1616 cia
219 1579 256 1615 di
280 1578 476 1620 Mitridate,
503 1576 572 1611 ello
602 1575 764 1619 disperse
786 1570 906 1617 quella
924 1570 1024 1614 peste

138 1650 203 1687 per
226 1641 320 1675 tutto
347 1638 374 1673 il
400 1647 519 1680 mare3
546 1647 565 1670 e
583 1632 773 1670 volendola
792 1639 969 1677 spengere
985 1628 1024 1662 in

141 1710 215 1736 una
247 1699 344 1735 volta
375 1707 440 1744 per
472 1705 624 1741 sempre,
650 1704 718 1728 con
750 1702 822 1727 uno
856 1699 1025 1736 appareo-

145 1759 350 1795 chiamento
387 1756 491 1803 quasi
528 1755 650 1790 divino
687 1752 710 1787 1’
729 1751 858 1791 assall,
897 1748 1028 1794 perche

145 1817 383 1854 abbondando
410 1815 501 1851 delle
526 1825 590 1850 sue
615 1813 698 1848 navi
724 1823 744 1847 e
769 1811 805 1846 di
839 1809 957 1856 quelle
982 1808 1027 1841 da

143 1877 247 1921 Redi,
272 1877 311 1912 in
337 1875 552 1921 compagnia
577 1884 645 1909 eon
672 1871 735 1918 pin
761 1870 870 1916 legati
897 1881 915 1903 e
943 1878 1024 1914 pre-
