1644 2574
712 209 755 245 38

665 279 806 314 sissimo
830 290 868 314 re
893 279 929 314 in
948 279 1094 323 Grecia3
1112 279 1230 314 sicche
1253 279 1290 314 in
1314 289 1384 314 uno
1409 279 1522 313 mede-

662 338 752 372 simo
777 340 895 382 tempo
920 349 998 372 essa
1023 340 1193 374 consume
1218 338 1317 372 ltalia
1340 349 1359 373 e
1384 338 1420 373 fu
1446 347 1522 383 pre-

661 397 760 440 sagio
785 396 874 430 delle
898 397 1047 431 vettorie
1072 396 1206 432 d'oltre
1230 407 1336 431 mare.
1362 395 1519 432 Tarento

661 454 823 490 edificato
848 466 911 500 per
935 455 1053 500 quegli
1072 456 1107 490 di
1125 455 1388 498 Lacedemonia,
1407 455 1446 491 fu
1462 455 1522 499 gie,

662 523 750 557 capo
775 513 811 547 di
836 512 996 547 Calav1·ia
1020 525 1039 548 e
1063 514 1097 547 di
1131 513 1259 558 Puglia
1289 514 1331 548 ed
1361 513 1519 548 eziandio

660 571 695 605 di
720 574 812 606 tutta
837 571 1009 616 Lucania3
1028 573 1146 607 nobile
1171 583 1234 617 per
1257 573 1290 607 la
1315 573 1520 616 grandezza,

659 640 722 674 pet·
745 629 777 663 le
803 641 898 664 mura
926 641 944 664 e
969 641 1032 675 per
1060 631 1094 665 1ο
1128 634 1248 676 porto,
1274 642 1338 677 per
1369 631 1521 665 maravi-

659 687 774 732 glioso
799 689 879 731 sito,
904 699 922 723 e
948 689 1076 734 perche
1092 695 1194 734 posto
1212 690 1304 724 nello
1321 693 1447 725 stt-etto
1466 689 1522 724 del

659 758 756 782 mare
774 747 967 790 Adriatico,
985 749 1113 784 mande
1132 749 1213 783 navi
1239 749 1277 783 in
1302 749 1386 793 ogni
1413 751 1522 794 parte,

659 806 696 840 in
722 806 835 848 Istria,
853 806 889 840 in
916 806 1125 842 Schiavonia
1151 819 1170 842 e
1195 806 1228 842 in
1244 807 1364 852 Epiro,
1381 808 1418 842 in
1436 800 1522 842 Acass

653 865 704 909 ja,
729 864 767 899 in
794 865 926 908 Africa,
943 865 980 899 in
1007 865 1140 900 Cicilia.
1166 865 1335 911 Soprasta
1359 866 1393 901 al
1419 868 1521 911 porto

659 923 729 957 alla
755 923 880 958 veduta
906 923 961 958 del
986 935 1081 958 mare
1106 924 1140 959 lo
1166 935 1300 960 sommo
1329 928 1460 967 teatro,
1487 925 1520 960 10

658 982 761 1027 quale
791 982 828 1016 fu
861 982 1008 1026 cagione
1041 983 1110 1017 alla
1142 983 1343 1018 miserabile
1375 984 1462 1018 citt&
1484 983 1533 1034 di¹

658 1043 748 1075 tutte
773 1040 806 1075 le
831 1052 893 1076 sue
919 1042 1070 1077 miserie.
1097 1042 1128 1076 A
1162 1052 1243 1077 caso
1279 1042 1399 1088 quegli
1435 1042 1523 1078 face-

660 1110 748 1134 vano
766 1099 921 1143 giuoehi‚
941 1101 1081 1146 quando
1107 1101 1178 1146 egli
1195 1101 1323 1136 vidono
1348 1101 1370 1135 l'
1386 1103 1522 1136 armata

658 1157 710 1193 de’
731 1158 883 1193 Romani
910 1160 1087 1194 navicanti
1122 1171 1243 1205 presso
1276 1160 1310 1195 10
1344 1171 1407 1195 suo
1439 1160 1521 1204 lido,

657 1228 676 1251 e
714 1218 893 1262 pensando
931 1219 1051 1263 quegli
1088 1230 1205 1254 essere
1241 1219 1381 1262 nimici,
1415 1229 1521 1254 sanza

657 1276 782 1311 alcuno
808 1277 931 1311 ordine
956 1277 1006 1321 gli
1030 1277 1237 1321 assalirono,
1269 1289 1288 1312 e
1322 1288 1392 1312 non
1418 1288 1519 1323 sape-

658 1345 746 1369 vano
785 1335 872 1369 bene
909 1335 966 1369 chi
1001 1335 1146 1378 fossino,
1173 1347 1192 1370 e
1225 1337 1316 1370 onde
1349 1335 1522 1371 fossinoi

656 1393 824 1437 Romani;
849 1405 868 1428 e
893 1405 998 1428 sanza
1023 1395 1170 1439 indugio
1203 1395 1215 1429 i
1245 1395 1397 1430 Romani
1423 1406 1520 1430 man-

656 1452 768 1487 dor-no
793 1463 814 1486 a
839 1453 960 1497 quegli
985 1453 1228 1488 imbasciatori
1249 1464 1314 1489 con
1334 1454 1368 1488 la
1394 1454 1523 1488 lamen-

655 1513 768 1554 tanza,
794 1522 813 1545 e
838 1512 953 1556 questi
980 1511 1083 1547 furno
1110 1512 1209 1547 offesi
1228 1523 1294 1548 con
1313 1514 1432 1548 brutta
1451 1524 1522 1547 ver-

655 1580 774 1614 gogna
807 1582 825 1605 e
850 1571 1049 1616 vituperosa
1083 1583 1102 1605 a
1135 1572 1227 1615 dit-e,
1261 1583 1280 1606 e
1313 1573 1357 1607 da
1390 1574 1514 1618 questo

653 1629 827 1664 cominoie
845 1629 879 1663 la
895 1639 1032 1673 guerra.
1057 1629 1118 1665 Ma
1134 1630 1520 1676 l'apparecchiamento

654 1687 692 1722 fu
717 1687 875 1730 orribile,
902 1688 1050 1723 facendo
1076 1689 1165 1723 tanti
1192 1689 1311 1734 popoli
1337 1690 1522 1733 congium·

659 1746 759 1780 zione
784 1757 848 1791 per
872 1746 921 1790 gli
940 1745 1143 1791 Tarentini,
1169 1758 1188 1781 e
1213 1747 1326 1791 pirro,
1353 1747 1414 1793 pin
1439 1758 1519 1793 pos-

653 1807 752 1839 sente
778 1805 812 1838 di
839 1805 941 1848 tutti,
969 1805 994 1839 il
1021 1805 1124 1851 quale
1159 1806 1282 1840 veniva
1316 1816 1380 1851 per
1411 1806 1520 1840 difen-

652 1863 735 1896 dere
759 1863 792 1896 la
818 1864 905 1898 citt&
930 1875 1046 1898 mezza
1071 1874 1187 1908 greca,
1205 1865 1367 1900 edificata
1385 1876 1447 1910 pel·
1465 1864 1518 1908 gli

1623 247 1636 283 ΑΛ·

1636 397 1644 446 -...
1639 346 1644 367 —
1634 249 1644 335 1,.-—-·
