1644 2574
720 190 784 224 140

669 261 703 293 la
726 264 854 305 troppa
878 262 1020 304 felicita,
1046 263 1216 307 produsse
1241 263 1253 298 i
1278 263 1389 299 furori
1406 264 1526 299 civim

670 317 762 352 Siria
794 320 908 363 prima
939 331 1111 366 corruppe
1143 321 1203 356 noi
1228 332 1326 356 come
1350 322 1388 357 fu
1412 322 1526 366 vium,

666 378 726 421 poi
750 377 784 411 la
809 379 921 412 redita
945 379 1000 413 del
1026 390 1062 413 re
1088 379 1246 415 Asiatico
1271 381 1315 414 da
1331 380 1527 424 Pergamo3

669 436 783 480 quella
809 447 980 481 possanza
998 447 1016 470 e
1034 437 1148 482 quelle
1165 438 1344 473 ricchezze
1357 438 1528 473 afflissero

667 494 854 529 icostumi
886 495 922 529 di
954 495 1034 541 quel
1066 499 1202 541 tempo,
1236 508 1255 530 e
1284 497 1528 542 calpestarono

667 553 933 598 lamipubbliea,
959 557 1172 599 soppozzata
1196 555 1233 589 in
1258 555 1327 589 vizi
1344 565 1443 590 come
1460 565 1531 590 una¹

667 611 816 646 sentina.
850 612 877 645 E
899 611 930 646 d’
944 613 1034 646 onde
1059 607 1278 647 domandava
1301 613 1327 647 il
1345 613 1474 658 popolo
1493 613 1528 647 di

669 669 780 704 Roma
804 671 935 704 terreni
968 682 986 704 e
1012 671 1214 715 vittuaglia,
1246 683 1284 706 se
1313 682 1384 707 non
1409 683 1474 717 per
1497 672 1529 705 la

669 728 771 772 fame,
797 729 831 763 la
856 729 959 774 quale
991 740 1098 764 aveva
1131 730 1221 764 satta
1252 741 1316 776 per
1342 730 1378 765 Ia
1401 733 1530 776 troppa

668 788 915 822 abondanziaz

714 838 888 891 Adtinque
921 856 981 890 per
1013 849 1138 891 questo
1173 847 1210 881 fu
1243 847 1277 880 la
1310 847 1425 891 prima
1453 847 1529 880 ela

668 905 819 939 seoonda
852 905 1028 939 discordia
1060 905 1095 938 di
1122 905 1289 948 Gracchi,
1323 917 1342 939 e
1373 905 1407 939 la
1435 907 1531 940 terza

668 963 701 997 d'
720 963 881 1008 Apuleio.
916 962 1014 997 Onde
1047 974 1221 1006 avvenne‚
1247 963 1311 998 che
1345 964 1530 1008 separatisi

666 1021 724 1055 dal
750 1021 879 1055 Senato
905 1021 916 1054 i
950 1021 1134 1064 cavalieri,
1168 1021 1378 1066 regnassino
1412 1032 1476 1066 per
1498 1021 1531 1055 le

666 1081 770 1124 legge
803 1080 1030 1124 giudiciarie‚
1065 1090 1102 1114 se
1135 1091 1206 1115 non
1232 1091 1295 1125 pei·
1318 1079 1341 1114 l’
1359 1080 1529 1124 avarizia,

666 1139 764 1173 accio
790 1138 854 1172 che
879 1138 910 1171 le
935 1138 1074 1182 gabello
1098 1149 1118 1172 e
1141 1138 1173 1172 le
1198 1138 1376 1172 sentenzie
1395 1138 1529 1173 fossino

667 1208 730 1242 per
753 1197 851 1231 lucro
878 1196 1099 1242 acquistate?
1133 1196 1203 1230 Pei·
1235 1200 1358 1242 questo
1393 1197 1430 1232 fu
1454 1207 1531 1242 pro-

669 1266 784 1290 messo
810 1255 944 1299 dacapo
969 1255 1004 1290 la
1029 1255 1163 1289 civilita
1187 1255 1256 1298 agl'
1282 1255 1404 1297 Italici,
1429 1266 1448 1288 e
1469 1266 1532 1300 per

667 1317 792 1359 questo
833 1314 871 1348 fu
912 1314 946 1347 la
986 1323 1114 1357 guerra
1156 1324 1222 1348 con
1263 1314 1312 1357 gli
1352 1313 1528 1357 collegati.

670 1373 741 1407 Che
773 1373 906 1407 dit-emo
939 1372 1029 1406 della
1061 1382 1190 1416 guerra
1222 1371 1275 1406 de'
1301 1372 1419 1407 servi?
1451 1372 1529 1407 Non

668 1431 769 1465 venn'
784 1431 852 1465 ella
877 1441 940 1475 per
963 1430 985 1464 l'
1001 1431 1246 1465 abbondanzia
1278 1431 1314 1464 di
1346 1429 1528 1474 famiglie?

669 1490 767 1523 Onde
793 1489 830 1523 fu
856 1489 877 1522 l'
893 1491 969 1523 oste
994 1488 1047 1522 de'
1065 1489 1254 1532 gladiatori
1279 1491 1402 1523 contra
1423 1489 1434 1522 i
1452 1488 1529 1523 suoi

667 1548 814 1591 signori,
841 1558 877 1581 se
903 1557 974 1581 non
1000 1557 1063 1591 per
1087 1547 1239 1591 l’ampia
1261 1546 1413 1581 cot-tesia
1428 1549 1531 1581 usata

667 1617 731 1651 per
755 1604 944 1640 conciliare
969 1605 994 1638 il
1021 1606 1139 1640 favore
1164 1606 1219 1639 del
1245 1606 1385 1651 popolo,
1415 1606 1528 1639 dando

667 1665 775 1711 quelli
800 1675 907 1710 opera
932 1665 963 1698 ai
990 1663 1144 1707 giuochi,
1170 1664 1238 1697 ele
1255 1675 1344 1708 pene
1365 1664 1425 1707 gib.
1450 1664 1529 1698 date

667 1724 699 1757 ai
726 1722 846 1758 nimici
868 1723 1014 1757 facendo
1033 1733 1054 1756 a
1071 1722 1130 1757 noi
1149 1721 1198 1767 (1)
1215 1725 1290 1756 arte
1308 1722 1342 1756 ‹li
1361 1721 1527 1765 giuochi2

713 1817 751 1852 (1)
774 1816 844 1844 Cio&
863 1816 889 1842 le
905 1822 1018 1850 guerre
1038 1815 1083 1842 de'
1095 1815 1266 1849 yladialori
1277 1821 1469 1850 provennero
1483 1814 1536 1841 dal

657 1863 788 1898 profuso
809 1863 953 1897 spendere
972 1862 1048 1895 falco
1065 1870 1122 1896 per
1148 1861 1323 1895 acquistare
1350 1861 1368 1887 1⁸
1381 1868 1462 1889 aura
1478 1868 1535 1895 po-
