1644 2574
939 179 986 215 83

147 257 290 303 guendo
314 256 436 303 quello
463 259 573 300 moto,
600 255 818 291 fermaronsi
836 254 894 290 nel
913 263 1034 288 mezzo

148 318 292 363 d'Asia3
309 329 329 353 3
345 327 446 353 come
462 317 498 352 13
515 326 686 352 somenza
702 316 796 351 della
814 315 921 350 biada
946 317 1035 349 tras-

145 379 265 424 ligna,
299 389 339 414 se
371 378 537 414 simma
575 377 610 412 la
648 379 763 419 terra,
791 377 868 411 cosi
901 375 936 410 13
969 385 1036 411 sua

145 439 277 486 doppia
316 439 467 474 fierezza
509 449 574 484 per
612 438 648 473 la
689 437 859 472 dolcezza
897 435 931 471 d'
945 434 1034 471 Asia

148 499 350 536 s’inteneri.
369 498 547 545 Adunque
573 498 680 534 furno
707 497 889 533 esconfitti
909 507 928 531 e
946 507 1035 531 mes-

148 561 179 597 si
203 560 246 596 in·
268 559 354 604 fuga
380 559 416 594 in
443 558 722 603 due.battaglie,
739 559 832 594 bene
849 558 915 594 che
936 556 1032 593 nollo

146 620 304 656 arrivare
328 618 383 666 de’
401 618 523 654 nimici
557 617 803 654 e'ridussonsi
829 618 867 653 in
893 617 1031 653 altissi-

146 681 196 716 mi
229 679 362 723 monti,
396 691 416 715 3
449 679 624 715 stimolati
651 679 696 714 da
721 679 808 724 ogni
847 681 951 725 parte
986 678 1032 712 da

145 741 259 777 saette
274 751 293 775 e
307 740 355 775 da
380 739 554 783 rombole‚
581 738 609 774 s'
623 738 868 774 arvenderono
886 739 924 773 in
943 749 1030 784 pace

146 802 331 848 perpetua.
365 798 427 834 Ma
462 799 567 835 furno
601 799 713 844 legati
748 799 792 834 da
821 810 894 834 uno
927 799 1032 833 mira-

146 861 237 904 3010,
253 860 390 895 avendo
415 861 554 895 tentato
579 859 613 894 13
640 862 766 895 cateno
785 870 852 895 eon
872 859 896 893 li
919 859 1030 894 morsi

148 933 168 957 3
192 931 261 956 con
285 920 320 955 13
346 921 467 962 bocca,
493 931 513 954 e
538 919 707 955 avendosi
734 922 862 955 stretto
888 919 923 954 la
948 919 1033 963 gola

147 981 253 1017 l'uno
277 978 437 1015 all’altro
464 990 529 1025 per·
546 979 737 1024 affogarsi3
756 991 814 1014 ma
839 979 872 1014 la
898 979 1032 1024 moglie

149 1040 408 1086 d'Orgiagonte
432 1050 483 1083 re,
508 1040 659 1075 essendo
685 1042 781 1075 stata
806 1039 963 1075 sforzata
988 1040 1033 1074 da

149 1111 222 1137 uuo
248 1100 469 1142 centurione,
495 1110 562 1135 con
589 1099 835 1135 memoriabile
867 1110 1032 1145 asempro

148 1163 257 1207 passo
282 1160 316 1195 le
341 1160 502 1206 guardie,
527 1171 547 1194 3
571 1161 676 1205 porto
701 1160 736 1194 la
762 1162 852 1195 testa
881 1159 1031 1205 tagliata

148 1221 184 1256 di
210 1220 331 1267 quello
357 1220 532 1256 cavaliere
557 1231 579 1255 a
604 1231 670 1256 suo
698 1220 840 1256 marito.

224 1337 284 1379 :a
306 1339 465 1377 sononia
488 1348 632 1386 guerra
656 1338 696 1376 di
719 1337 951 1377 Macedonia.

153 1483 158 1486 -
192 1460 382 1506 Seguendo
417 1460 508 1495 altre
533 1471 552 1494 e
579 1459 670 1495 altre
702 1460 802 1504 genti
837 1460 873 1494 la
905 1460 1032 1496 rovina

143 1521 237 1556 della
260 1530 391 1566 guerra
416 1519 452 1554 di
478 1518 602 1562 Sor-ia,
630 1520 673 1555 da
701 1530 790 1566 capo
817 1518 1031 1555 Macedonia

143 1581 175 1617 si
199 1580 344 1616 dirizzo.
369 1579 421 1614 La
447 1580 622 1615 memoria
659 1591 679 1615 3
712 1579 747 1614 la
781 1580 878 1614 fama
903 1579 939 1614 di
966 1591 1033 1615 sua

145 1639 284 1676 nobilta
308 1639 501 1675 stimolava
526 1639 562 1675 lo
592 1639 792 1675 fortissimo
818 1640 962 1686 popolo,
989 1641 1032 1676 ed

145 1711 206 1735 era
230 1701 420 1735 socceduto
437 1711 459 1735 a
476 1699 620 1746 Filippo
639 1699 748 1735 Perse
771 1711 836 1735 suo
855 1700 1031 1745 figHuolo,

145 1759 172 1795 i1
198 1759 303 1805 quale
328 1770 400 1795 non
427 1770 594 1805 pensava,
613 1760 679 1794 ohe
703 1759 917 1795 Macedonia
934 1761 1033 1795 vinta

145 1829 219 1854 una
242 1819 340 1854 volta
374 1819 462 1855 fossi
493 1820 593 1855 vinta
628 1820 934 1866 perpetualmente
968 1831 1033 1866 per

146 1879 183 1914 la
220 1879 367 1923 deguit&
401 1879 494 1914 della
527 1881 643 1924 gente.
678 1879 875 1915 Levarnosi
909 1880 1031 1926 quegli
