1644 2574
977 203 1026 238 55

190 282 386 318 molestava
410 280 438 316 il
463 289 590 325 campo
618 288 742 325 presso
767 276 935 322 Bagrada
952 275 1072 310 fiume.

189 342 253 379 Ma
276 341 428 387 Regem,
455 340 630 375 vincitore
656 338 689 373 d'
704 338 791 383 ogni
817 343 919 380 cosa‚'
939 335 1075 371 avendo

191 405 336 449 esparta
360 401 395 436 la
421 411 534 447 paura
560 410 628 435 con
653 399 687 434 lo
714 408 780 434 suo
798 408 914 440 nome,
933 408 952 431 e
975 406 1079 431 aven-

193 463 239 499 do
265 472 370 508 preso
395 461 431 496 la
456 471 548 505 gran
574 470 752 506 possanza
777 457 830 493 de'
845 456 925 493 suoi
957 456 1078 501 giova-

195 522 246 567 ni,
272 533 292 558 e
315 522 452 557 avendo
478 520 575 567 presi
592 520 605 555 i
623 519 704 555 suoi
729 517 888 564 capitani
912 529 932 552 e
957 519 1081 552 tenen-

197 581 298 627 dogli
323 581 362 616 in
387 580 573 627 prigione,
606 579 650 615 ed
683 578 820 614 avendo
858 577 1027 612 mandato
1061 586 1082 610 a

197 642 314 678 Roma
338 640 362 675 l'
378 642 516 676 armata
542 650 609 675 con
635 639 772 684 grande
805 638 916 684 preda
941 648 960 671 e
985 636 1081 672 suffi-

197 701 314 737 ciente
350 701 396 736 ad
422 710 493 736 uno
527 698 682 742 trionfo‚
722 699 784 743 gia
823 700 951 733 teneva
983 707 1084 731 asse-

197 761 296 797 diata
321 760 525 805 Cartagine,
549 770 638 806 capo
657 758 752 794 della
772 768 921 804 guerra,
946 768 965 792 e
983 759 1085 792 stava

199 832 307 868 sopra
330 821 364 856 le
389 822 509 867 porte3
537 831 557 855 e
582 819 644 866 qui
670 819 842 864 alquanto
870 817 908 854 fu
930 817 1027 853 volta
1051 816 1086 851 la

200 882 365 925 fortuna,
400 880 599 916 solamente
631 879 732 915 accio
765 878 831 913 che
864 878 900 913 la
936 888 1087 913 romana

200 940 304 977 vet-til
334 951 459 976 avesse
492 939 556 986 pih
586 939 723 984 gloria,
756 939 793 973 la
821 938 878 974 cui
914 937 1086 983 grandez-

202 1012 243 1036 za
266 1000 371 1047 quasi
403 1002 423 1035 ὸ
455 1002 605 1046 provata
630 998 714 1034 nell’
729 998 963 1034 avversitade.
989 996 1090 1033 Volti

202 1061 215 1096 i
253 1061 378 1096 nimici
415 1061 460 1095 ad
494 1060 623 1106 aiutorjj
666 1059 866 1103 forestim-i,
899 1057 1092 1102 avendogli

205 1121 376 1156 mandato
408 1121 420 1155 i
452 1119 691 1155 Lacedemoni
727 1119 889 1165 Antippo
923 1129 989 1164 per
1021 1127 1088 1153 suo

206 1181 385 1227 capitano,
413 1180 515 1216 fumo
541 1180 632 1216 vinti
650 1180 696 1215 da
712 1179 832 1225 quello
850 1189 957 1215 uomo
978 1188 1094 1224 esper-

211 1240 353 1276 tissimo
379 1240 414 1275 di
441 1238 584 1276 milizia.

257 1299 384 1336 Allora
418 1299 458 1336 fu
496 1311 561 1347 per
593 1299 645 1345 gli
677 1299 833 1335 Romani
869 1297 1097 1334 bruttissima

209 1360 418 1404 esconfflta,
449 1360 505 1395 e'l
541 1360 739 1396 fortissimo
775 1359 944 1406 capitano
983 1369 1098 1393 venne

211 1421 291 1456 vivo
317 1420 410 1456 nelle
437 1420 535 1455 mani
569 1419 779 1464 de’nimici;
811 1430 870 1454 ma
904 1419 1023 1465 quello
1058 1418 1096 1453 fu

209 1483 372 1516 costante
387 1492 407 1515 a
422 1482 523 1516 tanta
543 1481 698 1523 miseria,
713 1479 844 1526 pet-che
859 1490 931 1514 nou
945 1479 977 1514 si
991 1478 1099 1514 tut-bb

209 1540 304 1576 della
321 1540 487 1589 prigione
513 1540 608 1585 degli
626 1540 811 1584 Africani,
838 1541 884 1574 ne
909 1538 1014 1585 pet-1⁹
1028 1549 1100 1573 am·

210 1600 373 1636 basciata
399 1599 454 1635 ch’
469 1600 543 1646 egli
568 1601 702 1636 doveva
729 1601 816 1645 fare,
841 1600 875 1635 la
901 1599 1007 1646 quale
1024 1599 1101 1633 fece

211 1671 276 1706 pet·
293 1660 329 1696 10
347 1661 533 1696 contradio
558 1672 578 1696 a
597 1661 680 1707 quel
697 1661 763 1695 che
779 1661 791 1695 i
813 1661 936 1695 nimici
953 1660 1005 1705 gli
1022 1670 1103 1694 ave-

212 1731 304 1757 vano
337 1721 505 1767 imposto‚
534 1733 553 1756 e
579 1721 726 1766 giudice>
748 1721 814 1756 che
840 1731 928 1767 paee
963 1731 1036 1755 non
1070 1720 1103 1756 si

214 1780 365 1824 facessi,
394 1792 414 1815 e
439 1780 505 1816 che
532 1791 604 1816 non
627 1782 658 1816 si
684 1781 969 1816 escambiassino
995 1780 1007 1815 i
1035 1780 1107 1827 pri-

215 1839 328 1884 gioni.
355 1839 381 1874 E
408 1851 480 1875 non
507 1840 545 1876 fu
570 1841 695 1877 brutta
719 1841 755 1876 la
773 1852 837 1877 sua
852 1842 1000 1883 maesta,
1026 1851 1105 1886 per-

215 1897 271 1934 ch'
283 1898 354 1943 egli
381 1901 537 1935 tornassi
557 1901 879 1936 volontariamente
905 1901 938 1935 ai
966 1900 1102 1944 nimici,
