1644 2574
986 0 997 7 *
1045 0 1060 4 '⁷
1139 0 1206 17 ,μιν

689 191 735 226 66

642 262 763 304 tagino
795 261 862 294 due
895 259 1014 303 moggi
1048 258 1080 293 d‘
1093 257 1218 300 anelli,
1243 268 1263 292 e
1293 257 1328 292 la
1360 257 1506 300 deguit&

641 318 874 354 de'cavalieri
899 318 937 352 fu
963 320 1096 352 tassata
1117 327 1183 351 eon
1209 317 1244 350 la
1267 316 1410 351 misum.
1435 314 1506 350 Per

642 381 765 424 questo
801 388 871 412 non
904 378 985 411 sara
1017 376 1134 418 dubio,
1161 387 1198 410 se
1229 375 1344 410 Roma
1373 374 1505 409 doveva

641 448 724 472 avet·
747 436 862 482 quello
889 446 952 480 pet·
975 434 998 468 1⁹
1013 434 1139 468 ultimo
1157 434 1204 476 di,
1229 445 1248 468 e
1271 444 1309 468 se
1328 432 1504 467 Annibale

642 499 768 541 poteva
791 494 888 528 infra
912 493 1039 538 cinque
1063 493 1099 527 dl
1124 492 1306 536 mangiare
1337 491 1374 526 in
1401 490 1506 526 Cam-

643 553 820 600 podoglio‚
848 551 875 587 s'
889 552 959 595 egli
985 551 1098 586 avessi
1123 551 1213 585 fatto
1238 549 1354 596 quello
1386 549 1450 584 che
1475 549 1506 583 si

643 613 720 647 dice
744 622 860 646 essere
889 612 981 645 stato
1007 610 1103 644 detto
1128 610 1171 644 da
1197 608 1313 654 quello
1347 608 1505 642 africano

643 670 823 706 Maarbale
854 670 890 704 di
914 669 1127 703 Bomilcare:
1164 679 1184 702 «
1209 667 1373 712 Sappiasi
1398 666 1507 701 Amil-

644 741 724 765 care
740 740 842 764 usare
858 729 892 762 la
909 727 1058 763 vettoria
1071 726 1160 762 com’
1169 726 1240 770 egli
1257 737 1297 760 sa
1314 726 1454 760 vincere
1470 735 1504 759 ».

605 798 608 799 ⁷
644 788 714 823 Per
746 790 860 830 certo,
894 787 1046 822 siccome
1082 786 1112 820 si
1150 785 1228 820 suol
1264 785 1338 819 dire
1371 784 1508 828 volgar-

645 848 780 888 mente,
806 856 827 880 o
851 845 886 879 la
910 845 1054 879 fortuna
1087 843 1123 878 di
1155 843 1272 889 quella
1296 843 1397 885 citten,
1426 853 1447 877 o
1473 842 1508 877 la

644 905 738 939 mala
759 906 875 938 mente
899 903 955 937 del
981 902 1155 947 capitano,
1181 913 1199 936 e
1224 901 1276 945 gli
1299 901 1363 935 Dei
1387 900 1506 937 rivolti

645 965 689 998 da
725 963 914 1007 Cartagine
950 964 1113 996 trassono
1151 960 1267 1006 quello
1304 959 1339 994 al
1373 962 1509 995 contra·

646 1022 722 1066 di03
746 1033 765 1056 e
797 1020 950 1066 potando
983 1030 1084 1054 avere
1117 1019 1151 1053 la
1180 1018 1345 1062 vettoria,
1378 1017 1510 1052 volsela

645 1081 848 1124 indugiare‚
883 1090 902 1113 e
933 1078 1079 1113 lasciata
1112 1077 1242 1119 Roma,
1277 1077 1367 1112 volle
1399 1076 1510 1110 audax·

646 1139 817 1174 cercando
843 1137 1046 1182 campagna
1079 1147 1098 1170 e
1130 1135 1298 1179 Taranto,
1332 1135 1419 1170 dove
1449 1133 1507 1180 pei

648 1199 718 1243 egli
743 1210 761 1232 e
790 1197 813 1231 l’
829 1199 905 1231 oste
938 1207 1002 1230 sua
1033 1206 1096 1240 pet·
1125 1195 1280 1230 lussuria
1313 1192 1510 1228 s'indebon

646 1259 682 1292 in
708 1259 817 1299 tanto,
844 1255 908 1289 che
932 1265 995 1300 pet·
1019 1253 1129 1288 verita
1153 1254 1192 1288 fu
1217 1253 1333 1288 detto:
1353 1263 1373 1286 α
1391 1251 1510 1296 Capua

647 1316 684 1350 fu
705 1314 815 1349 Canni
841 1314 884 1348 ad
902 1312 1076 1347 Annibale
1093 1322 1124 1354 ›>‚
1145 1311 1273 1356 pet-che
1297 1311 1332 1346 lo
1357 1310 1456 1344 caldo
1476 1309 1511 1343 di

648 1374 852 1418 Campagna
875 1383 894 1406 e
918 1371 950 1405 le
974 1370 1104 1415 tiepide
1129 1369 1273 1404 fontane
1297 1369 1332 1403 di
1351 1368 1412 1413 Baj
1441 1368 1514 1402 vin-

647 1443 735 1467 sono
760 1431 894 1476 quello,
918 1430 944 1463 il
968 1429 1071 1474 quale
1096 1439 1166 1463 non
1198 1438 1259 1462 era
1289 1429 1382 1462 stato
1415 1426 1512 1461 vinto

647 1491 737 1525 nelle
762 1489 861 1534 Alpi,
886 1500 904 1522 e
930 1498 999 1522 non
1026 1487 1055 1521 si
1081 1489 1206 1531 poteva
1231 1486 1373 1520 domare
1390 1495 1455 1520 con
1479 1485 1512 1520 le

646 1561 752 1584 arme.
776 1548 805 1582 E
830 1547 886 1581 chi
912 1546 1122 1580 credet-ebbe
1147 1543 1294 1590 questo?

694 1608 733 1642 In
759 1606 838 1651 quel
864 1615 982 1639 mezzo
1015 1604 1235 1648 rispirarono
1261 1603 1273 1637 i
1298 1602 1469 1644 Romani,
1495 1613 1513 1636 e

647 1670 818 1702 tor-nomo
856 1663 956 1710 quasi
996 1673 1095 1696 come
1131 1661 1296 1705 s'eglino
1335 1660 1513 1695 venissino

648 1724 728 1760 dall'
743 1724 892 1760 inferno.
928 1721 1006 1756 Non
1039 1730 1194 1755 avevano
1228 1730 1341 1754 arme:
1375 1719 1514 1754 tolsone

650 1795 714 1830 per
746 1783 795 1826 gli
832 1781 961 1826 tempi3
986 1790 1056 1814 non
1095 1789 1249 1814 avevano
1282 1777 1334 1812 de'
1352 1777 1512 1822 giovani:

654 1844 752 1877 ferno
784 1840 923 1875 franchi
951 1839 964 1873 i
997 1838 1106 1881 servi,
1137 1849 1156 1872 e
1190 1848 1255 1872 con
1290 1838 1514 1880 sagramento
