1644 2574
703 175 772 209 214

654 245 664 277 i
691 244 826 287 cavalli,
851 244 885 278 ai
910 243 1010 279 Servi
1035 244 1058 278 1’
1072 254 1133 279 oro
1160 254 1179 278 e
1204 244 1238 279 lo
1263 246 1410 288 argento
1435 255 1455 279 e
1479 245 1515 279 ai

655 302 828 337 Sicambri
854 303 866 336 i
900 302 1071 348 prigioni.
1098 301 1157 337 Ma
1191 303 1278 346 ogni
1310 313 1392 337 cosa
1427 303 1519 338 ando

655 371 718 406 per
734 362 923 405 contrario,
939 361 1070 406 perche
1087 361 1196 395 sendo
1210 361 1380 396 vineitore
1393 360 1518 404 Druso,

655 420 749 463 parti
771 419 784 453 i
808 419 944 463 eavagli
969 419 1064 462 suoi,
1096 419 1129 453 lo
1155 419 1326 454 bestiame
1350 429 1369 453 e
1392 419 1406 452 i
1437 419 1517 454 suoi

655 477 769 512 torchi
798 477 846 522 (l)
863 489 881 512 e
898 477 1018 523 quegli
1043 477 1224 512 medesimi
1241 487 1304 523 per
1319 488 1383 512 sua
1399 477 1516 522 preda,

658 547 676 570 e
693 535 869 579 vendegli,
895 547 914 570 e
940 546 1070 570 ancora
1095 536 1221 571 ordino
1246 539 1351 581 gente
1376 547 1395 569 e
1419 540 1540 580 guar-v

661 594 718 628 die
745 605 808 639 per
847 594 963 640 quelle
988 595 1169 639 provincie
1195 605 1215 628 e
1238 594 1277 628 in
1302 594 1388 638 ogni
1411 594 1517 638 luogo

654 663 760 698 sopra
795 653 830 687 la
861 652 963 688 Mosa
996 653 1102 687 fiume
1127 679 1135 695 ‚
1169 652 1191 686 Γ
1226 651 1310 687 Albi
1347 663 1366 687 e
1400 652 1427 686 il
1462 652 1519 687 Vi—

655 712 776 755 surgi3
812 721 873 757 per
909 712 943 746 la
975 713 1052 756 ripa
1089 711 1144 745 del
1182 711 1281 746 Reno
1317 721 1403 756 pose
1436 711 1515 745 cin-

656 773 788 815 quanta
805 770 966 813 fortezze,
982 781 1000 804 e
1018 770 1213 814 congiunse
1231 770 1379 804 insieme
1392 769 1517 804 Bonna

656 839 675 862 e
701 828 854 863 Gesonia
879 839 945 863 eon
970 828 1083 873 ponti,
1105 839 1124 861 e
1141 828 1217 862 fece
1235 828 1352 862 sieuro
1368 827 1395 862 il
1412 838 1516 872 passo

656 886 798 921 Ercinio
824 897 895 921 non
922 887 1048 921 veduto
1080 897 1099 920 e
1137 895 1208 920 non
1240 889 1383 931 passato
1406 886 1517 920 infino

658 945 692 979 al
727 956 791 980 suo
818 948 948 990 tempo.
978 944 1205 979 Finalmente
1232 945 1324 979 erasi
1350 943 1439 979 satta
1462 955 1519 990 pa-

655 1014 694 1038 ce
733 1004 770 1038 in
815 1003 1037 1047 Germania,
1076 1003 1141 1038 che
1175 1013 1352 1048 parevano
1394 1003 1519 1038 mutati

657 1063 708 1107 gli
745 1063 879 1098 uomini
920 1074 939 1096 e
971 1062 1006 1096 la
1039 1068 1152 1106 terra,
1186 1061 1209 1096 l'
1222 1061 1297 1096 aria
1329 1061 1521 1096 medesima

658 1133 784 1167 pareva
810 1120 870 1167 piii
895 1123 1094 1166 temperata
1118 1131 1137 1155 e
1163 1120 1221 1166 pin
1246 1120 1346 1155 dolce
1366 1120 1431 1154 che
1447 1129 1519 1155 non

657 1181 796 1223 soleva3
833 1191 852 1214 e
888 1180 1094 1214 finalmente
1130 1179 1158 1214 il
1194 1178 1326 1214 Senato
1362 1179 1462 1214 diede
1497 1189 1518 1213 a

657 1240 774 1286 quello
801 1239 995 1274 fortissimo
1020 1239 1180 1282 giovane,
1198 1238 1258 1284 poi
1275 1238 1330 1272 ch'
1340 1237 1410 1282 egli
1428 1238 1518 1272 mori

659 1299 696 1335 in
739 1298 855 1343 quello
888 1297 997 1340 luogo
1022 1323 1030 1340 ‚
1064 1307 1168 1331 nome
1200 1296 1293 1331 dalla
1317 1296 1517 1342 provincia,

659 1368 728 1392 non
765 1367 828 1402 per
863 1355 1081 1398 adulazione,
1107 1365 1164 1389 ma
1202 1365 1266 1400 per
1305 1355 1445 1398 meriti,
1485 1354 1520 1388 la

658 1416 761 1462 quale
792 1425 875 1450 cosa
909 1425 980 1449 non
1013 1425 1073 1448 era
1105 1414 1174 1448 mai
1198 1417 1372 1449 avvenuta
1395 1414 1440 1448 ad
1463 1413 1519 1448 al-

659 1485 750 1510 cuno
776 1474 879 1508 altro.

704 1533 763 1568 Ma
796 1535 815 1567 ὸ
847 1532 1030 1577 maggiore
1065 1532 1173 1566 fatica
1208 1544 1229 1567 a
1261 1532 1414 1567 ritenere
1450 1542 1521 1567 una

656 1592 838 1638 provincia
874 1591 939 1626 che
975 1591 1212 1636 acquistarla,
1247 1591 1291 1625 ed
1327 1590 1520 1636 acquistasi

654 1663 720 1687 con
753 1652 787 1686 la
822 1651 930 1694 forza,
956 1662 1013 1686 ma
1046 1651 1183 1685 ritiensi
1209 1661 1275 1685 con
1299 1650 1334 1684 la
1358 1650 1518 1694 ragione.

700 1804 738 1840 (l)
758 1804 787 1831 Il
805 1806 876 1831 testo
898 1803 1009 1830 latino:
1029 1806 1148 1840 torques
1168 1811 1277 1830 eorum.

1624 213 1637 258 ἒ
