1644 2574
683 181 756 204 xxu

647 240 765 293 quali
784 253 868 282 non
888 253 1050 293 sempre
1067 239 1267 282 rinviensi
1286 240 1383 294 oggi
1403 239 1430 281 l’
1445 253 1487 282 e-

647 304 905 356 quivalente,
936 317 978 346 se
1006 317 1110 358 pure
1137 303 1215 345 tali
1252 303 1486 358 ambiguitiae.

644 367 696 409 ed
722 368 974 410 inesattezze
1002 383 1087 411 non
1124 382 1227 410 sono
1263 368 1319 410 da
1353 368 1486 410 ascri-

645 433 754 474 versi
780 433 852 475 all’
868 433 1083 487 imperizia
1111 434 1173 475 de’
1189 433 1354 487 copisti.

697 497 897 539 Tuttavia
923 512 966 540 se
986 502 1134 552 questo
1155 499 1350 540 serittore
1370 500 1392 540 ὸ
1413 498 1484 540 dai

642 561 782 603 critici
810 562 975 616 ripreso
1004 562 1048 604 di
1077 577 1161 605 non
1189 563 1322 616 poche
1349 562 1482 617 colpe,

644 626 703 679 gli
730 640 920 680 vengono
947 628 991 669 in
1018 631 1134 670 certo
1162 641 1386 681 compenso
1423 628 1483 669 ri-

643 691 878 733 conosciuti
906 705 990 733 non
1017 692 1116 734 lievi
1144 693 1264 746 pregi
1297 694 1333 734 sl
1369 692 1482 734 nello

645 756 752 806 stile,
777 757 902 798 misto
922 756 966 797 di
985 756 1149 810 qualite,
1167 757 1361 807 oratorie,
1381 770 1483 811 poe-

642 820 752 862 tiohe
788 835 810 862 e
844 821 1048 872 storiche‚
1086 821 1162 863 che
1199 821 1314 864 nella
1349 821 1484 864 bonta

642 884 873 926 intrinseca
924 885 1037 927 della
1081 886 1342 928 narrazione.
1388 885 1485 928 Non

643 949 702 1002 gli
732 947 776 990 fa
805 948 971 1000 difetto,
1001 949 1157 1000 infatti,
1188 953 1403 1000 acutezza‚
1423 951 1484 992 vi-

644 1014 784 1054 vacita
811 1014 998 1066 poetica,
1029 1013 1227 1068 eleganza
1254 1013 1298 1055 di
1332 1014 1428 1056 stile
1464 1028 1486 1056 e

640 1078 754 1119 buon
783 1078 964 1128 mitet-io,
985 1078 1030 1119 in
1048 1078 1202 1132 ispecie
1221 1079 1288 1121 nei
1307 1078 1481 1134 giudizj‚

640 1156 662 1184 e
703 1142 884 1183 laddove
927 1156 1082 1195 espone
1123 1143 1161 1184 le
1205 1156 1330 1185 cause
1373 1142 1484 1186 delle

641 1206 854 1256 sedizioni,
880 1206 989 1248 delle
1009 1206 1217 1249 discordie
1236 1207 1349 1248 civili
1371 1221 1392 1249 e
1412 1207 1481 1249 del

639 1274 901 1312 mutamen‘co
930 1269 1044 1312 della
1070 1284 1245 1312 romana
1262 1271 1481 1325 repubbli-

643 1349 703 1386 ca,
726 1349 810 1377 non
832 1337 854 1376 e
873 1337 1074 1388 superato
1094 1335 1137 1375 in
1159 1338 1308 1388 questa
1326 1336 1482 1378 descri-

639 1401 770 1450 zione‚
800 1399 901 1441 ch'e
930 1399 1041 1441 forse
1069 1399 1112 1441 la
1138 1403 1259 1453 parte
1290 1400 1483 1454 migliore

640 1464 736 1506 dell’
755 1477 882 1517 opera
910 1477 1014 1514 sua,
1045 1463 1099 1504 da
1135 1464 1247 1506 altro
1285 1465 1483 1507 scrittore

638 1528 713 1582 pin
742 1528 904 1578 antico,
935 1528 1010 1570 che
1038 1527 1081 1569 in
1111 1529 1212 1582 ogni
1243 1529 1368 1572 modo
1398 1543 1483 1572 non

636 1593 863 1646 raggiunse
892 1591 1037 1646 quella
1065 1593 1307 1635 concisione
1335 1594 1483 1636 chiara

638 1670 779 1710 spesso
809 1656 860 1698 ed
895 1656 1107 1707 evidente,
1138 1657 1212 1698 che
1251 1657 1422 1711 dipinge
1459 1671 1486 1700 a

637 1721 881 1774 meraviglia
896 1734 1012 1762 come
1031 1720 1074 1762 in
1095 1735 1152 1762 un
1173 1721 1339 1775 quadro
1358 1724 1476 1764 tutta

639 1785 851 1838 l’imagine
867 1784 934 1826 del
955 1784 1108 1838 popolo
1128 1798 1317 1836 romano,
1333 1786 1347 1826 i
1366 1785 1479 1839 passi
