1644 2574
635 172 680 206 56

588 245 631 277 ne
649 253 710 287 per
734 243 768 277 lo
794 243 917 277 ultimo
943 243 1115 288 supplizio
1132 253 1152 278 o
1170 243 1260 278 della
1285 243 1447 288 prigione

588 311 608 335 o
634 301 725 335 della
744 311 856 342 croce,
874 301 951 335 anzi
978 301 1016 336 fu
1041 312 1103 346 per
1122 303 1212 336 tutte
1227 304 1349 346 queste
1365 311 1446 336 cose

586 359 647 404 pii}
669 360 927 404 maraviglioso.
955 360 983 394 E
1009 360 1072 395 che
1104 360 1195 395 altro
1230 360 1265 395 fu
1295 359 1382 404 egli,
1407 370 1446 394 se

587 428 658 452 non
684 418 748 452 che
771 419 881 453 sendo
906 419 1020 461 vinto,
1048 419 1084 454 fu
1110 419 1282 454 vincitore
1305 418 1357 453 de'
1377 418 1448 452 vin·

586 477 713 511 citori2
739 477 790 511 Ed
816 477 974 512 eziandio
999 477 1118 522 perch'
1132 478 1202 522 egli
1225 488 1294 512 non
1313 476 1445 512 trionfo

587 536 621 569 di
648 535 854 579 (kartagine,
883 535 1016 571 trionfo
1041 536 1131 570 della
1156 536 1314 580 fortuna3
1339 546 1397 570 ma
1420 535 1447 569 il

586 594 715 638 popolo
749 594 782 628 di
816 594 930 628 Roma
965 594 1003 629 fu
1042 594 1151 629 molto
1185 593 1246 639 piix
1285 604 1389 639 aspro
1426 604 1446 628 e

585 653 696 687 molto
723 652 782 697 piix
807 653 930 688 odioso
963 664 1026 698 per
1057 653 1090 687 la
1121 654 1283 688 vendetta
1316 653 1351 688 di
1383 652 1447 688 Re-

587 711 690 754 gom,
715 711 779 746 che
804 722 867 756 per
890 711 924 746 la
949 712 1109 746 vettoria.

631 769 806 815 Adunque
839 770 947 804 sendo
980 771 1124 805 consolo
1156 769 1318 814 Metello,
1347 781 1366 804 e
1394 769 1445 814 gli

586 827 747 862 Africani
772 828 919 863 facendo
949 829 1105 873 magiore
1133 829 1280 870 esforzo‚
1306 831 1446 864 tornata

584 886 619 920 la
643 896 772 930 guerra
791 887 828 921 in
848 887 981 930 Cicilia,
999 887 1126 922 fnrono
1152 887 1328 922 eseonfitti
1353 898 1372 921 e
1397 887 1446 921 ni·

584 945 667 979 mici
693 955 815 990 presso
833 957 854 980 a
870 945 1043 988 Palermo‚
1061 945 1178 981 sicehe
1194 946 1238 980 da
1255 945 1335 991 quel
1360 948 1446 980 tem·

584 1013 628 1048 po
654 1003 797 1038 innanzi
823 1015 894 1038 non
920 1004 1171 1039 est-imolarono
1189 1004 1250 1049 pin
1266 1003 1448 1049 quell’iso-

584 1061 637 1105 la;
662 1073 681 1096 e
706 1062 812 1096 senno
839 1065 1047 1106 argomento
1073 1062 1106 1096 di
1133 1063 1267 1106 grande
1299 1062 1448 1097 vettoria

583 1123 686 1155 cento
711 1131 732 1154 o
758 1121 853 1155 circa
876 1120 1034 1163 leofanti,
1060 1121 1071 1154 i
1098 1121 1194 1167 quali
1219 1121 1346 1156 furono
1369 1131 1445 1166 pre-

584 1179 633 1222 si,
659 1190 678 1213 e
704 1179 742 1213 fu
768 1179 882 1224 quella
908 1180 939 1213 si
964 1180 1098 1222 grande
1122 1179 1230 1224 preda
1253 1178 1286 1214 d'
1302 1178 1447 1214 animali

587 1237 784 1272 sufficiente
810 1238 851 1271 ad
879 1247 948 1272 una
975 1238 1101 1280 cancia,
1129 1248 1200 1272 non
1225 1237 1289 1272 che
1314 1237 1350 1272 in
1376 1248 1446 1272 uua

583 1296 766 1340 battaglia.
802 1295 918 1341 Appio
957 1296 1104 1331 Claudio
1143 1296 1251 1331 sendo
1283 1296 1444 1340 console,

585 1354 688 1389 furno
714 1355 801 1389 vinti
827 1366 845 1389 e
870 1354 1021 1389 Romani
1048 1365 1118 1389 non
1144 1355 1199 1388 dai
1226 1355 1366 1398 nimici,
1387 1365 1445 1388 ma

582 1413 677 1457 dagli
694 1413 766 1455 Dei,
781 1413 834 1447 de'
850 1413 943 1459 quali
962 1414 1070 1459 quelli
1083 1424 1238 1448 avevano
1257 1413 1447 1458 dispregia-

583 1476 618 1506 to
643 1472 694 1515 gii
719 1473 864 1517 augurj,
889 1473 931 1507 ed
957 1473 993 1506 in
1019 1473 1099 1517 quel
1124 1472 1231 1516 luogo
1265 1471 1446 1507 s'affondo

582 1530 605 1564 l'
619 1533 766 1573 armata,
792 1530 870 1565 dov'
881 1531 952 1574 egli
970 1541 1078 1565 aveva
1095 1531 1304 1565 comandato
1322 1530 1356 1564 di
1374 1530 1448 1574 git-

582 1593 656 1624 tare
680 1589 692 1623 i
719 1589 804 1634 polli
830 1590 867 1623 in
893 1600 1006 1632 mare,
1032 1590 1161 1634 perche
1186 1589 1305 1634 quegli
1339 1589 1446 1623 vieta·

580 1658 669 1682 vano
712 1648 938 1682 combattere.
977 1647 1092 1682 Sendo
1133 1647 1276 1682 consolo
1323 1646 1444 1682 Marco

579 1706 714 1741 Fabbio
739 1705 923 1748 Butteone,
943 1706 1112 1740 sconfisse
1132 1705 1154 1739 l'
1168 1707 1304 1740 armata
1328 1704 1443 1740 de'ni-

579 1765 661 1799 mici
686 1775 854 1810 appresso
881 1764 1050 1808 Egimuro
1077 1764 1134 1798 nel
1154 1774 1250 1798 mare
1268 1763 1301 1798 d'
1313 1763 1446 1806 Africa,

579 1823 614 1858 la
639 1823 741 1869 quale
766 1822 823 1867 gi&
849 1824 1015 1859 navicava
1044 1823 1079 1857 in
1117 1822 1226 1858 ltalia.
1261 1822 1312 1857 Oh
1349 1833 1447 1857 come
