1644 2574
922 200 989 236 173

153 277 271 313 difesa
295 276 367 312 alla
391 287 457 312 sua
482 275 641 320 degnith.
669 275 701 310 A
731 285 814 310 caso
847 274 885 309 in
919 274 1039 320 quello

151 340 273 383 tempo
300 335 431 372 Crasso
457 347 518 370 era
543 336 581 370 in
606 335 746 380 grande
771 335 860 370 flore
885 345 951 380 per
976 345 1038 369 na-

153 397 258 432 zione
290 408 324 431 e>
342 407 407 442 per
439 395 626 430 ricohezza
650 407 669 430 e
702 405 768 441 pei·
799 395 965 439 degusta,
996 395 1039 430 ed

152 467 287 492 ancora
311 456 383 501 egli
409 455 532 491 voleva
557 454 621 501 pii1
654 466 854 501 possanza3
887 455 928 490 ed
955 465 1040 490 ecco

153 515 274 552 Giulio
307 515 449 559 Cesero,
475 515 501 550 il
527 515 632 561 quale
657 526 720 550 era
745 515 807 559 gib.
831 514 950 549 alzato
975 525 1041 559 per

151 575 329 622 loquenza.
361 574 396 610 d·
410 575 531 610 animo
563 586 584 610 e
618 586 683 621 per·
715 575 750 609 lo
785 574 994 618 consolato,
1020 586 1040 609 e

150 635 368 671 nondimeno
402 636 562 681 Pompeo
596 646 776 670 avanzava
804 635 975 670 ciascuno
1002 635 1038 670 di

151 695 283 742 quogli.
310 695 489 741 Adunque
515 695 647 730 Cesero
679 695 910 730 disiderando
935 693 1039 729 d'ac-

150 755 310 802 quietare
343 755 509 800 degusta,
536 754 668 790 Crasso
701 765 766 800 per
798 755 1035 798 acommoda,

150 813 311 861 Pompeo
336 826 402 862 per
425 815 666 859 consen-arla,
693 815 779 850 tutti
804 814 1038 859 ugualmente

150 875 262 910 sendo
288 875 410 921 cupidi
436 875 472 910 di
499 875 675 920 potenzia‚
701 875 957 910 accordaronsi
977 874 1037 910 lie-

151 937 316 970 vemente
348 934 382 969 d’
395 934 543 971 assalire
576 935 612 970 la
635 935 826 981 ripublica.
858 935 1037 981 Adunque

150 995 323 1031 aiutando
341 995 364 1030 1·
379 1005 452 1032 uno
474 994 497 1030 l'
509 995 616 1039 altro,
634 995 804 1031 eiaseuno
823 996 855 1030 si
873 996 1036 1030 sfor-zava

148 1066 170 1091 a
195 1066 260 1091 suo
287 1065 411 1099 onore,
437 1066 456 1090 e
482 1057 557 1091 cosi
584 1054 715 1091 Cesero
737 1056 832 1092 ando
851 1056 888 1091 in
908 1055 1036 1094 Gallia.

151 1115 282 1151 Crasso
307 1115 346 1151 in
370 1115 469 1159 Asia,
487 1126 508 1150 a
525 1115 685 1161 Pompeo
703 1117 808 1152 tocco
827 1116 860 1150 la
877 1115 1035 1162 Spagna,

150 1175 194 1210 ed
226 1185 336 1210 erano
370 1177 425 1210 tre
457 1174 692 1220 grandissimi
725 1175 817 1220 osti3
850 1187 869 1211 e
899 1177 974 1210 cosi
1001 1175 1037 1210 la

148 1234 312 1279 signer-ia
350 1235 408 1270 del
445 1235 577 1270 mondo
616 1235 656 1270 fu
693 1237 869 1281 occupata
902 1247 968 1282 per·
1001 1235 1035 1270 la

149 1294 367 1340 compagnia
391 1295 428 1330 di
454 1297 510 1330 tre
534 1295 705 1341 principi.

196 1354 295 1391 Duro
328 1357 456 1401 questa
482 1356 700 1401 eompagnia
733 1367 798 1401 per
827 1356 964 1402 ispazio
998 1357 1034 1392 di

148 1414 239 1452 dieoi
265 1415 364 1451 anni.
390 1414 456 1450 Poi
483 1415 614 1461 perch&
646 1415 669 1450 l'
688 1427 760 1451 uno
786 1427 896 1451 aveva
921 1427 1034 1462 paura

149 1474 233 1510 den’
247 1475 352 1518 altro,
379 1486 444 1521 per
467 1476 503 1511 la
523 1479 639 1511 morte
656 1477 691 1511 di
711 1476 842 1512 Crasso
859 1487 1034 1522 appresso

148 1534 162 1570 i
177 1534 290 1580 Parti,
308 1546 328 1570 e
345 1546 410 1581 pet·
425 1536 460 1570 la
480 1539 595 1571 morte
613 1537 648 1571 di
668 1536 798 1581 Giulia‚
817 1537 980 1581 figliuola
997 1537 1034 1572 di

149 1593 279 1630 Cesero
296 1607 315 1630 e
332 1595 468 1638 moglie
485 1597 521 1631 di
538 1596 710 1643 Pompeo,
727 1597 764 1631 la
782 1597 889 1643 quale
906 1600 1034 1632 teneva

148 1653 188 1690 in
213 1655 407 1690 concordia
430 1656 456 1690 il
481 1666 615 1701 genero
641 1669 661 1692 e
685 1656 708 1692 ’l
735 1668 886 1692 suocero
911 1668 976 1703 per
999 1658 1035 1693 lo

146 1712 287 1758 legame
302 1715 362 1752 del
387 1716 631 1761 matrimonio,
650 1717 771 1753 subito
789 1717 824 1752 la
841 1717 978 1752 invidia
995 1729 1034 1753 se

149 1774 361 1818 manifesto,
395 1787 415 1810 e
447 1776 508 1820 gia
541 1776 701 1823 Pompeo
736 1789 845 1812 aveva
871 1780 1034 1823 sospetto

149 1833 242 1871 dena
255 1835 422 1880 potenzia
435 1836 471 1870 di
482 1835 624 1879 Cesero,
637 1848 657 1872 e
670 1848 692 1872 a
705 1837 836 1872 Cesero
851 1848 912 1872 era
924 1848 1035 1882 grave

149 1893 185 1928 la
208 1894 403 1939 degnitade
428 1896 464 1931 di
489 1895 660 1943 Pompeo,
687 1909 706 1932 e
732 1900 860 1944 questo
885 1908 958 1933 non
981 1909 1035 1933 so-
