1644 2574
681 186 763 210 xmv

644 245 832 298 eseguita
869 245 922 286 da
959 244 1071 286 altro
1110 247 1280 294 autore,
1319 244 1484 286 sembra
1520 248 1523 250 ’

645 309 870 362 allargarsi
897 322 922 351 a
948 308 1073 350 modo
1101 308 1145 350 di
1172 307 1383 362 parafrasi
1408 308 1484 363 pii).

644 374 926 427 ampiamente
957 374 1035 416 che
1073 387 1158 416 non
1195 373 1405 428 comporti
1441 373 1482 416 lo

645 438 741 480 stile
768 438 1043 489 dell’Autore3
1063 441 1261 492 pertanto
1281 451 1366 481 non
1385 439 1484 492 pote

643 503 830 546 riesoirei
859 503 898 544 d’
911 503 1038 545 alcun
1067 504 1344 557 giovamento.

697 569 758 610 La
776 568 1048 611 conclusione
1066 568 1176 610 delle
1193 581 1290 610 oose
1317 567 1382 609 sin
1410 568 1483 622 qui

647 634 830 675 discorse
864 633 901 674 si
928 634 970 683 e,
999 633 1077 675 ohe
1103 632 1146 674 la
1173 635 1365 686 presente
1391 645 1484 690 ver—

646 698 762 740 sione
808 697 905 739 dell’
933 697 1081 751 ignoto
1129 697 1484 750 quattrocentista

647 776 732 805 non
760 764 885 817 potra
902 775 977 816 per
997 764 1108 804 certo
1129 774 1264 804 essere
1282 764 1487 815 proposta

646 842 764 871 come
791 841 850 869 un
877 827 992 869 buon
1019 829 1129 868 testo
1159 826 1203 867 di
1230 825 1371 868 Storia
1397 826 1482 868 Ro—

645 907 774 935 mana
799 906 874 946 per
900 891 969 950 ehi
995 891 1154 933 volesse
1185 891 1229 932 in
1268 904 1362 932 essa
1388 904 1484 933 eru-

646 958 770 1008 dirsi,
793 959 844 998 ne
864 970 980 998 come
1007 955 1191 997 modello
1210 955 1252 997 di
1271 955 1483 998 traduzio-

645 1036 697 1065 ne
729 1022 928 1072 italiana,
957 1020 1292 1062 commendevole
1323 1033 1398 1074 per
1423 1018 1485 1062 fe—

644 1087 760 1129 delta
786 1087 838 1128 ed
864 1088 1082 1136 esattezza,
1102 1098 1186 1127 non
1206 1085 1381 1127 essendo
1399 1085 1485 1127 tale

648 1151 854 1205 speoohio,
902 1151 958 1192 da
1001 1149 1179 1192 rendere
1225 1163 1304 1192 con
1348 1149 1486 1191 intera

646 1216 778 1259 verita
806 1216 833 1257 l'
850 1215 1032 1268 imagine
1061 1214 1128 1256 del
1166 1218 1275 1256 testo
1303 1213 1482 1256 floriano

647 1281 755 1323 nelle
776 1294 850 1322 sue
875 1280 1036 1321 minute
1055 1278 1359 1333 particolarita.
1379 1278 1483 1320 Tut-

647 1345 761 1388 tavia
799 1357 884 1386 non
921 1345 943 1385 e
983 1357 1009 1385 a
1050 1343 1275 1397 spregiarsi
1315 1340 1482 1393 affatto,

645 1409 891 1464 riguardato
934 1421 1050 1450 come
1090 1411 1198 1450 testo
1235 1407 1279 1449 di
1315 1407 1480 1461 lingua,

642 1572 753 1606 Lucio
779 1571 875 1605 Eneo
902 1570 1007 1605 Floro
1033 1580 1140 1615 sopra
1162 1568 1244 1604 Tito
1261 1569 1360 1604 Livio
1379 1569 1484 1614 pado-

643 1641 744 1671 van0‚
775 1620 1016 1673 vulgarizzato
1050 1639 1114 1672 per
1138 1639 1242 1662 mess.
1275 1627 1408 1662 Jovane
1442 1627 1484 1661 de

645 1688 808 1729 Garzoni‚
834 1688 1025 1722 secretario
1051 1686 1107 1720 del
1138 1698 1182 1720 m.
1217 1698 1243 1720 s.
1269 1685 1481 1731 (magnifico

643 1746 787 1792 signor)
811 1747 854 1780 de
875 1746 1002 1780 Fei‘mo
1020 1745 1078 1780 nel
1095 1743 1326 1786 MCCCCLV,
1344 1745 1445 1779 finita
1463 1755 1481 1778 e

645 1806 780 1850 scripta
805 1816 869 1850 per
894 1805 950 1838 mi.
977 1816 995 1837 »
